@ARTICLE{F.Lotte, 
	author={F. Lotte and C. Guan}, 
	journal={IEEE Transactions on Biomedical Engineering}, 
	title={Regularizing Common Spatial Patterns to Improve BCI Designs: Unified Theory and New Algorithms}, 
	year={2011}, 
	volume={58}, 
	number={2}, 
	pages={355-362}, 
	keywords={brain-computer interfaces;electroencephalography;feature extraction;medical signal processing;spatial filters;BCI competition datasets;BCI designs;Tikhonov regularization;brain-computer interfaces;common spatial patterns;electroencephalography data;feature extraction algorithms;neurophysiologically relevant spatial filters;regularized CSP;subject-to-subject transfer;Algorithm design and analysis;Covariance matrix;Eigenvalues and eigenfunctions;Electrodes;Electroencephalography;Noise;Training;Brain–computer interfaces (BCI);common spatial patterns (CSP);electroencephalography (EEG);regularization;subject-to-subject transfer;Algorithms;Electroencephalography;Humans;Man-Machine Systems;Models, Neurological;Pattern Recognition, Automated;Regression Analysis;Signal Processing, Computer-Assisted;User-Computer Interface}, 
	doi={10.1109/TBME.2010.2082539}, 
	ISSN={0018-9294}, 
	month={Feb},}

@mastersthesis{SIULYDissertacao,
	author       = {Siuly Siuly}, 
	title        = {Analysis and Classification of EEG Signals},
	school       = {University of Southern Queensland},
	year         = 2012,
	address      = {https://www.springer.com/gp/book/9783319476520},
	month        = 7,
}

@mastersthesis{ThiagoUnB,
	author       = {Thiago Marques Siqueira}, 
	title        = {Implementação de um Classificador de Imagens Baseado em Redes Neurais em Sistemas Embarcados},
	school       = {Universidade de Brasília},
	year         = 2016,
	month        = 7,
}

@book{KANDEL,
	author    = {Eric R. Kandel, et al}, 
	title     = {Principles of Neural Science},
	publisher = {Mc Graw Hill},
	year      = 2013,
	volume    = 2,
	address   = {The address},
	edition   = 5,
	note      = {An optional note},
	isbn      = {978007181001-2},
}


@book{Siulybook,
	title={EEG Signal Analysis and Classification: Techniques and Applications},
	author={Siuly, Siuly and Li, Yan and Zhang, Yanchun},
	year={2017},
	publisher={Springer}
}

@article{pfurtschellerbrain,
	title={Brain-computer interface—a new communication device for handicapped persons},
	author={Pfurtscheller, Gert and Flotzinger, Doris and Kalcher, Joachim},
	journal={Journal of Microcomputer Applications},
	volume={16},
	number={3},
	pages={293--299},
	year={1993},
	publisher={Elsevier}
}

@ARTICLE{MasonAndBirch, 
	author={S. G. Mason and G. E. Birch}, 
	journal={IEEE Transactions on Neural Systems and Rehabilitation Engineering}, 
	title={A general framework for brain-computer interface design}, 
	year={2003}, 
	volume={11}, 
	number={1}, 
	pages={70-85}, 
	keywords={electroencephalography;handicapped aids;medical computing;user interfaces;assistive technology;brain-computer interface design;common vocabulary;direct-brain interface;general framework;objective methods;poor intergroup communication;taxonomy;Brain computer interfaces;Brain modeling;Electroencephalography;Helium;Power system modeling;Standards development;System testing;Taxonomy;User interfaces;Vocabulary;Algorithms;Brain;Communication Aids for Disabled;Decision Support Techniques;Equipment Failure Analysis;Humans;Prosthesis Design;Technology Assessment, Biomedical;User-Computer Interface}, 
	doi={10.1109/TNSRE.2003.810426}, 
	ISSN={1534-4320}, 
	month={March},}

@book{brunelli2009template,
	title={Template matching techniques in computer vision: theory and practice},
	author={Brunelli, Roberto},
	year={2009},
	publisher={John Wiley \& Sons}
}

@book{BCIWolpaw,
	title =     {Brain-Computer Interfaces: Principles and Practice},
	author =    {Jonathan R. Wolpaw, Elizabeth Winter Wolpaw},
	publisher = {Oxford University Press},
	isbn =      {9780195388855 0195388852},
	year =      {2012},
	series =    {},
	edition =   {},
	volume =    {},
	url =       {http://gen.lib.rus.ec/book/index.php?md5=46D2894771F9769A0D5B429B681CBF33}}

@phdthesis{lottephd,
	title={Study of electroencephalographic signal processing and classification techniques towards the use of brain-computer interfaces in virtual reality applications},
	author={Lotte, Fabien},
	year={2008},
	school={INSA de Rennes}
}

@misc{patternRecogn,
	title={Pattern recognition.},
	author={Theodoridis, Sergios and Koutroumbas, Konstantinos and others},
	year={1999},
	publisher={Academic press London}
}

@inproceedings{ShashoaLDA,
	title={Classification depend on linear discriminant analysis using desired outputs},
	author={Shashoa, Nasar Aldian Ambark and Salem, Nuredin Ali and Jleta, Ibrahim N and Abusaeeda, Omar},
	booktitle={Sciences and Techniques of Automatic Control and Computer Engineering (STA), 2016 17th International Conference on},
	pages={328--332},
	year={2016},
	organization={IEEE}
}

@book{zynqBook,
	title={The Zynq Book: Embedded Processing with the Arm Cortex-A9 on the Xilinx Zynq-7000 All Programmable Soc},
	author={Crockett, Louise H and Elliot, Ross A and Enderwitz, Martin A and Stewart, Robert W},
	year={2014},
	publisher={Strathclyde Academic Media}
}

@book{David_Clarck,
	title =     {The Brain and Behavior: An Introduction to Behavioral Neuroanatomy},
	author =    {David Clark, Nashaat Boutros, Mario Mendez},
	publisher = {Cambridge University Press},
	isbn =      {0521840503,9780521840507},
	year =      {2005},
	series =    {},
	edition =   {2},
	volume =    {},
}

@ARTICLE{BCICompetition, 
	author={B. Blankertz and K. R. Muller and D. J. Krusienski and G. Schalk and J. R. Wolpaw and A. Schlogl and G. Pfurtscheller and J. R. Millan and M. Schroder and N. Birbaumer}, 
	journal={IEEE Transactions on Neural Systems and Rehabilitation Engineering}, 
	title={The BCI competition III: validating alternative approaches to actual BCI problems}, 
	year={2006}, 
	volume={14}, 
	number={2}, 
	pages={153-159}, 
	keywords={electroencephalography;handicapped aids;learning (artificial intelligence);medical control systems;medical signal processing;pattern classification;BCI;adaptive controllers;brain activity;brain-computer interface;device control commands;machine learning;pattern classification;signal analysis;Adaptive control;Brain computer interfaces;Classification algorithms;Control systems;Laboratories;Machine learning;Machine learning algorithms;Pattern classification;Programmable control;Signal analysis;Augmentative communication;ERP;P300;beta rhythm;brain&#8211;computer interface (BCI);electroencephalography (EEG);imagined hand movements;mu rhythm;nonstationarity;rehabilitation;single-trial classification;slow cortical potentials;Algorithms;Brain;Communication Aids for Disabled;Databases, Factual;Electroencephalography;Evoked Potentials;Humans;Neuromuscular Diseases;Software Validation;Technology Assessment, Biomedical;User-Computer Interface}, 
	doi={10.1109/TNSRE.2006.875642}, 
	ISSN={1534-4320}, 
	month={June},}

@online{siteBCI,
	author = {B. Blankertz and K. R. Muller and D. J. Krusienski and G. Schalk and J. R. Wolpaw and A. Schlogl and G. Pfurtscheller and J. R. Millan and M. Schroder and N. Birbaumer},
	title = {BCI Competition III},
	year = 2005,
	url = {http://www.bbci.de/competition/iii/desc_IVa.html},
	urldate = {2017-10-20}
}

@inproceedings{SinghLDA,
	title={A comparison of linear discriminant analysis and ridge classifier on Twitter data},
	author={Singh, Anagh and Prakash, B Shiva and Chandrasekaran, K},
	booktitle={Computing, Communication and Automation (ICCCA), 2016 International Conference on},
	pages={133--138},
	year={2016},
	organization={IEEE}
}

@book{izenmanLDA,
	title={Modern multivariate statistical techniques},
	author={Izenman, Alan Julian},
	volume={1},
	year={2008},
	publisher={Springer}
}

@article{alvarezneurobiomecanismos,
	title={Os neurobiomecanismos do aprender: a aplica{\c{c}}{\~a}o de novos conceitos no dia-a-dia escolar e terap{\^e}utico},
	author={Alvarez, Ana and Lemos, Ivana de Carvalho},
	journal={Revista Psicopedagogia},
	volume={23},
	number={71},
	pages={181--190},
	year={2006},
	publisher={Associacao Brasileira de Psicopedagogia}
}

@article{EEGSignals,
	title={Fundamentals of EEG measurement},
	author={Teplan, Michal and others},
	journal={Measurement science review},
	volume={2},
	number={2},
	pages={1--11},
	year={2002}
}

@book{CristophBCI,
	title =     {Brain-Computer Interface Research: A State-of-the-Art Summary},
	author =    {Christoph Guger and Brendan Allison and Günter Edlinger (auth.) and Christoph Guger and Brendan Z. Allison and Günter Edlinger (eds.)},
	publisher = {Springer-Verlag Berlin Heidelberg},
	isbn =      {978-3-642-36082-4,978-3-642-36083-1},
	year =      {2013},
	series =    {SpringerBriefs in Electrical and Computer Engineering},
	edition =   {1},
	volume = {},
}
@book{raobrain,
	title={Brain-computer interfacing: an introduction},
	author={Rao, Rajesh PN},
	year={2013},
	publisher={Cambridge University Press}
}

@article{campisi2012eeg,
	title={EEG for automatic person recognition},
	author={Campisi, Patrizio and La Rocca, Daria and Scarano, Gaetano},
	journal={Computer},
	volume={45},
	number={7},
	pages={87--89},
	year={2012},
	publisher={IEEE}
}

@article{munoz2010tradeoff,
	title={Tradeoff of FPGA design of a floating-point library for arithmetic operators},
	author={Mu{\~n}oz, Daniel M and S{\'a}nchez, D and Llanos, C and Ayala-Rinc{\'o}n, Mauricio},
	journal={Journal of Integrated Circuits and Systems},
	volume={5},
	number={1},
	pages={42--52},
	year={2010}
}

@ARTICLE{RNAFPGA, 
	author={Fan Yang}, 
	journal={IEEE Transactions on Neural Networks}, 
	title={Implementation of an RBF neural network on embedded systems: real-time face tracking and identity verification}, 
	year={2003}, 
	volume={14}, 
	number={5}, 
	pages={1162-1175}, 
	keywords={computer vision;embedded systems;face recognition;field programmable gate arrays;image sequences;radial basis function networks;tracking;Olivetti Research Laboratory;computer vision;digital signal processor;embedded systems;face recognition;face tracking;field programmable gate array;image processing;radial basis function neural network;real time system;video sequences;zero instruction set computer;Digital signal processing chips;Embedded system;Face detection;Field programmable gate arrays;Hardware;Image processing;Machine vision;Neural networks;Real time systems;Video sequences}, 
	doi={10.1109/TNN.2003.816035}, 
	ISSN={1045-9227}, 
	month={Sept},}

@ARTICLE{WangBCIWinner, 
	author={Yijun Wang and Zhiguang Zhang and Yong Li and Xiaorong Gao and Shangkai Gao and Fusheng Yang}, 
	journal={IEEE Transactions on Biomedical Engineering}, 
	title={BCI competition 2003-data set IV:An algorithm based on CSSD and FDA for classifying single-trial EEG}, 
	year={2004}, 
	volume={51}, 
	number={6}, 
	pages={1081-1086}, 
	keywords={bioelectric potentials;electroencephalography;feature extraction;handicapped aids;medical signal processing;perceptrons;signal classification;BCI Competition 2003;Bereitschaftspotential;CSSD;FDA;Fisher discriminant analysis;common spatial subspace decomposition;electroencephalogram;event-related desynchronization;feature extraction;perceptron neural network;self-paced tapping;single-trial EEG classification;Biological neural networks;Biomedical engineering;Brain computer interfaces;Data mining;Delay;Electroencephalography;Feature extraction;Fingers;Rhythm;Testing;Algorithms;Artificial Intelligence;Cerebral Cortex;Cognition;Computer Peripherals;Databases, Factual;Discriminant Analysis;Electroencephalography;Evoked Potentials, Motor;Fingers;Humans;Imagination;Models, Neurological;Motor Cortex;Movement;Pattern Recognition, Automated;Principal Component Analysis;Reproducibility of Results;Sensitivity and Specificity;Signal Processing, Computer-Assisted;Somatosensory Cortex;User-Computer Interface}, 
	doi={10.1109/TBME.2004.826697}, 
	ISSN={0018-9294}, 
	month={June},}

@online{DigilentZybo,
	author = {Digilent},
	title = {Zybo Board Reference Manual},
	year = 2017,
	url = {https://reference.digilentinc.com/reference/programmable-logic/zybo/reference-manual},
	urldate = {2017-10-18}
}

@inproceedings{korkmaz2017expert,
	title={A expert system for stomach cancer images with artificial neural network by using HOG features and linear discriminant analysis: HOG\_LDA\_ANN},
	author={Korkmaz, Sevcan Ayta{\c{c}} and B{\'\i}nol, Hamidullah and Ak{\c{c}}i{\c{c}}ek, Ay{\c{s}}eg{\"u}l and Korkmaz, Mehmet Fatih},
	booktitle={Intelligent Systems and Informatics (SISY), 2017 IEEE 15th International Symposium on},
	pages={000327--000332},
	year={2017},
	organization={IEEE}
}

@inproceedings{ketsuwan2017linear,
	title={A linear discriminant analysis using weighted local structure information},
	author={Ketsuwan, Raywut and Padungweang, Praisan},
	booktitle={Computer Science and Software Engineering (JCSSE), 2017 14th International Joint Conference on},
	pages={1--5},
	year={2017},
	organization={IEEE}
}

@inproceedings{cao2017post,
	title={A Post-Silicon Trace Analysis Approach for System-on-Chip Protocol Debug},
	author={Cao, Yuting and Zheng, Hao and Palombo, Hernan and Ray, Sandip and Yang, Jin},
	booktitle={2017 IEEE 35th International Conference on Computer Design (ICCD)},
	pages={177--184},
	year={2017},
	organization={IEEE}
}

@INPROCEEDINGS{Irick, 
	author={K. Irick and M. DeBole and V. Narayanan and A. Gayasen}, 
	booktitle={2008 16th International Symposium on Field-Programmable Custom Computing Machines}, 
	title={A Hardware Efficient Support Vector Machine Architecture for FPGA}, 
	year={2008}, 
	volume={}, 
	number={}, 
	pages={304-305}, 
	keywords={data mining;field programmable gate arrays;image classification;learning (artificial intelligence);radial basis function networks;support vector machines;FPGA;Gaussian radial basis SVM;gender classification;grayscale frontal face images;hardware efficient support vector machine architecture;image classification;information extraction;machine learning;pattern classification;real-time video mining;software implementation;statistical data mining;Data mining;Face;Field programmable gate arrays;Gray-scale;Hardware;Humans;Machine learning;Machine learning algorithms;Support vector machine classification;Support vector machines;FPGA;Hardware Acceleration;Support Vector Machines}, 
	doi={10.1109/FCCM.2008.40}, 
	ISSN={}, 
	month={April},}


@INPROCEEDINGS{Glette2009, 
	author={K. Glette and J. Torresen}, 
	booktitle={2009 NASA/ESA Conference on Adaptive Hardware and Systems}, 
	title={Intermediate Level FPGA Reconfiguration for an Online EHW Pattern Recognition System}, 
	year={2009}, 
	volume={}, 
	number={}, 
	pages={19-26}, 
	keywords={field programmable gate arrays;logic design;pattern classification;reconfigurable architectures;resource allocation;shift registers;table lookup;FPGA lookup table;data element resolution reduction;field programmable gate array;high-level virtual reconfigurable circuit technique;intermediate level FPGA reconfiguration;online EHW pattern recognition system;resource saving;run-time adaptable evolvable hardware classifier system;shift registers;Adaptive arrays;Circuits;Face recognition;Field programmable gate arrays;Hardware;Image recognition;Pattern recognition;Runtime;Shift registers;Table lookup;EHW;Evolvable hardware;VRC;pattern recognition;reconfiguration;virtual reconfigurable circuit}, 
	doi={10.1109/AHS.2009.46}, 
	ISSN={}, 
	month={July},}

@article{Glette2007,
	title={An online EHW pattern recognition system applied to sonar spectrum classification},
	author={Glette and Torresen},
	journal={Evolvable Systems: From Biology to Hardware},
	pages={1--12},
	year={2007},
	publisher={Springer}
}

@INPROCEEDINGS{Alkim, 
	author={E. Alkim and E. KiliÇ}, 
	booktitle={2011 IEEE 19th Signal Processing and Communications Applications Conference (SIU)}, 
	title={Chip design for intelligent data classification algorithms and implementation on an FPGA: A case study to classify EMG signals}, 
	year={2011}, 
	volume={}, 
	number={}, 
	pages={307-310}, 
	keywords={decision making;electromyography;field programmable gate arrays;hardware description languages;learning (artificial intelligence);logic design;neural chips;parallel processing;signal classification;ALTERA DE2 demo board;FPGA chip design;artificial neural network chip;decision making algorithm;electromyogram signals;intelligent data classification algorithm;learning vector quantization;muscles;parallel computing;parallel processing;signal classification;verilog HDL;Artificial neural networks;Conferences;Electromyography;Field programmable gate arrays;Hardware design languages;Prediction algorithms;Signal processing}, 
	doi={10.1109/SIU.2011.5929648}, 
	ISSN={2165-0608}, 
	month={April},}

@INPROCEEDINGS{Yuan, 
	author={Y. Yuan and K. Virupakshappa and Y. Jiang and E. Oruklu}, 
	booktitle={2017 IEEE International Ultrasonics Symposium (IUS)}, 
	title={Comparison of GPU and FPGA based hardware platforms for ultrasonic flaw detection using support vector machines}, 
	year={2017}, 
	volume={}, 
	number={}, 
	pages={1-4}, 
	keywords={acoustic signal processing;field programmable gate arrays;flaw detection;graphics processing units;learning (artificial intelligence);signal classification;support vector machines;ultrasonic materials testing;ultrasonic transducers;CUDA library functions;FPGA based hardware platforms;GPU based hardware platforms;GPU-based Tegra System-on-Chip;Google;HPC server;NVIDIA;RTL code;SVM classifier;TensorFlow;Xilinx ZedBoard;high-performance computing server;machine learning algorithms;support vector machines;ultrasonic flaw detection;ultrasonic signals classification;ultrasonic signals subband decomposition;Acoustics;Field programmable gate arrays;Graphics processing units;Servers;Signal processing;Support vector machines;GPU;NDT;Support Vector Machine;TensorFlow;flaw detection}, 
	doi={10.1109/ULTSYM.2017.8092499}, 
	ISSN={}, 
	month={Sept},}

@INPROCEEDINGS{Chen, 
	author={X. Chen and A. Ke and X. Ma and J. He}, 
	booktitle={2016 8th International Conference on Intelligent Human-Machine Systems and Cybernetics (IHMSC)}, 
	title={SoC-based Architecture for Robotic Prosthetics Control Using Surface Electromyography}, 
	year={2016}, 
	volume={01}, 
	number={}, 
	pages={134-137}, 
	keywords={Bayes methods;control engineering computing;electromyography;field programmable gate arrays;handicapped aids;human-robot interaction;humanoid robots;manipulators;medical robotics;medical signal processing;pattern classification;prosthetics;system-on-chip;MAV;Naive Bayes classifier;SoC-based architecture;WL;Xilinx Zynq FPGA platform;ZC;economic resources;humanoid robotic arm;mean absolute value;power consumption design;robotic prosthetics control;sEMG;specific arm movements;specific hand movements;surface electromyography controlled prosthetics;system-on-chip architecture;waveform length;zero crossing rate;Electromyography;Feature extraction;Field programmable gate arrays;Process control;Prosthetics;Real-time systems;Robots;EMG decording;FPGA;Naive Bayes classifier;SoC;robotic prosthetics}, 
	doi={10.1109/IHMSC.2016.31}, 
	ISSN={}, 
	month={Aug},}

@INPROCEEDINGS{Kais, 
	author={B. Kais and F. Ghaffari and O. Romain and R. Djemal}, 
	booktitle={2014 26th International Conference on Microelectronics (ICM)}, 
	title={An embedded implementation of home devices control system based on brain computer interface}, 
	year={2014}, 
	volume={}, 
	number={}, 
	pages={140-143}, 
	keywords={brain-computer interfaces;electroencephalography;embedded systems;field programmable gate arrays;home automation;signal classification;β-rhytm bands;μ-rhytm bands;EEG headset;Stratix IV FPGA board;blinking eyes;brain computer interface;complex EEG signal processing;embedded architecture;embedded implementation;home devices control system;motor imagery actions;real-time classification;Accuracy;Brain-computer interfaces;Computer architecture;Electroencephalography;Field programmable gate arrays;Hardware;Signal processing algorithms;EEG filters optimization;Motor imagery;brain computer interface (BCI);electroencephalogram (EEG)}, 
	doi={10.1109/ICM.2014.7071826}, 
	ISSN={2159-1660}, 
	month={Dec},}

@online{user-guide-axi,
	author = {Xilinx},
	title = {AXI Reference Guide},
	year = 2011,
	url = {https://www.xilinx.com/support/documentation/ip_documentation/ug761_axi_reference_guide.pdf},
	urldate = {2018-6-24}
}

@online{IEEE745,
	author = {Institute of Electrical and Electronics Engineers},
	title = {IEEE Std 754-2008 - IEEE Standard for Floating-Point Arithmetic},
	year = 2008,
	url = {https://standards.ieee.org/findstds/standard/754-2008.html},
	urldate = {15/06/18}
}